@inproceedings{Damiano05,
 author = {Damiano, Rossana and Lombardo, Vincenzo and Pizzo, Antonio},
 title = {Formal Encoding of Drama Ontology},
 booktitle = {Proceedings of the Third International Conference on Virtual Storytelling: Using Virtual Reality Technologies for Storytelling},
 series = {ICVS'05},
 year = {2005},
 isbn = {3-540-30511-4, 978-3-540-30511-8},
 location = {Strasbourg, France},
 pages = {95--104},
 numpages = {10},
 url = {http://dx.doi.org/10.1007/11590361_11},
 doi = {10.1007/11590361_11},
 acmid = {2129368},
 publisher = {Springer-Verlag},
 address = {Berlin, Heidelberg},
} 



@inproceedings{Chakravarthy09,
 author = {Chakravarthy, Ajay and Beales, Richard and Matskanis, Nikos and Yang, Xiaoyu},
 title = {OntoFilm: A Core Ontology for Film Production},
 booktitle = {Proceedings of the 4th International Conference on Semantic and Digital Media Technologies: Semantic Multimedia},
 series = {SAMT '09},
 year = {2009},
 isbn = {978-3-642-10542-5},
 location = {Graz, Austria},
 pages = {177--181},
 numpages = {5},
 url = {http://dx.doi.org/10.1007/978-3-642-10543-2_20},
 doi = {10.1007/978-3-642-10543-2_20},
 acmid = {1695350},
 publisher = {Springer-Verlag},
 address = {Berlin, Heidelberg},
 keywords = {Digital Media, Film Production, Ontologies, Post Production, Semantic Gap, Semantic Web},
} 




@inproceedings{VanRijsselbergen09,
 author = {Van Rijsselbergen, Dieter and Van De Keer, Barbara and Verwaest, Maarten and Mannens, Erik and Van de Walle, Rik},
 title = {Movie Script Markup Language},
 booktitle = {Proceedings of the 9th ACM Symposium on Document Engineering},
 series = {DocEng '09},
 year = {2009},
 isbn = {978-1-60558-575-8},
 location = {Munich, Germany},
 pages = {161--170},
 numpages = {10},
 url = {http://doi.acm.org/10.1145/1600193.1600231},
 doi = {10.1145/1600193.1600231},
 acmid = {1600231},
 publisher = {ACM},
 address = {New York, NY, USA},
 keywords = {drama production, narratives, screenplay, xml},
} 

@inproceedings{Cataldi11,
 author = {Cataldi, Mario and Damiano, Rossana and Lombardo, Vincenzo and Pizzo, Antonio},
 title = {Representing Dramatic Features of Stories Through an Ontological Model},
 booktitle = {Proceedings of the 4th International Conference on Interactive Digital Storytelling},
 series = {ICIDS'11},
 year = {2011},
 isbn = {978-3-642-25288-4},
 location = {Vancouver, Canada},
 pages = {122--127},
 numpages = {6},
 url = {http://dx.doi.org/10.1007/978-3-642-25289-1_13},
 doi = {10.1007/978-3-642-25289-1_13},
 acmid = {2183489},
 publisher = {Springer-Verlag},
 address = {Berlin, Heidelberg},
} 


@inproceedings{carrive98,
  TITLE = {{Using Description Logics for Indexing Audiovisual Documents}},
  AUTHOR = {Carrive, Jean and Pachet, Francois and Ronfard, Remi},
  URL = {https://hal.inria.fr/inria-00590092},
  BOOKTITLE = {{International Workshop on Description Logics (DL '98)}},
  ADDRESS = {Trento, Italy},
  YEAR = {1998},
  MONTH = Jun,
  HAL_ID = {inria-00590092},
  HAL_VERSION = {v2},
}

@inproceedings{Ronfard13,
author = {R\'emi Ronfard and Vineet Gandhi and Laurent Boiron},
title = {The Prose Storyboard Language: A Tool for Annotating and Directing Movies},
booktitle = {Workshop on Intelligent Cinematography and Editing, Foundations of Digital Games, May, 2013},
organization = {Society for the Advancement of the Science of Digital Games},
address = {Chania, Crete, Gr\`ece},
month = "May",
year = 2013
}

@ARTICLE{Eno11, 
author={Eno, J.D. and Thompson, C.W.}, 
journal={Internet Computing, IEEE}, 
title={Virtual and Real-World Ontology Services}, 
year={2011}, 
month={Sept}, 
volume={15}, 
number={5}, 
pages={46-52}
}


@book{Mani13,
author = "Inderjeet Mani",
title = "Computational Modeling of Narrative",
series = "Synthesis Lectures on Human Language Technologies",
publisher = "Morgan \& Claypool Publishers", 
year = "2013" 
}



@MASTERSTHESIS{Uijlings06,
  author = {J.R.R. Uijlings},
  title = {Designing a Virtual Environment for Story Generation},
  school = {University of Amsterdam},
  year = {2006},
  url = {http://www.huppelen.nl/publications/JasperUijlingsMasterThesis.pdf}
} 


@inproceedings{Cua10,
 author = {Cua, Jeffrey and Ong, Ethel and Manurung, Ruli and Pease, Adam},
 title = {Representing Story Plans in SUMO},
 booktitle = {Proceedings of the NAACL HLT 2010 Second Workshop on Computational Approaches to Linguistic Creativity},
 series = {CALC '10},
 year = {2010},
 location = {Los Angeles, California},
 pages = {40--48},
 numpages = {9},
 url = {http://dl.acm.org/citation.cfm?id=1860649.1860655},
 acmid = {1860655},
 publisher = {Association for Computational Linguistics},
 address = {Stroudsburg, PA, USA},
} 

